@article{allen2014,
  title = {Vortex Reconnections in Atomic Condensates at Finite Temperature},
  author = {Allen, A. J. and Zuccher, S. and Caliari, M. and Proukakis, N. P. and Parker, N. G. and Barenghi, C. F.},
  year = {2014},
  journal = {Phys. Rev. A},
  volume = {90},
  number = {1},
  pages = {013601},
  publisher = {American Physical Society}
}

@article{baggaleySensitivityVortexFilament2012a,
  title = {The Sensitivity of the Vortex Filament Method to Different Reconnection Models},
  author = {Baggaley, Andrew W},
  year = {2012},
  journal = {J. Low Temp. Phys.},
  volume = {168},
  number = {1-2},
  pages = {18--30},
  publisher = {Springer}
}

@article{barenghi2004,
  title = {Scaling {{Laws}} of {{Vortex Reconnections}}},
  author = {Barenghi, Carlo F. and Samuels, David C.},
  year = {2004},
  journal = {Journal of Low Temperature Physics},
  volume = {136},
  number = {5},
  pages = {281--293},
  keywords = {Idealise Model,Magnetic Material,Polarise Vortex,Vortex,Vortex Line}
}

@book{barenghi2009,
  title = {Vortices and {{Turbulence}} at {{Very Low Temperatures}}},
  author = {Barenghi, Carlo and Sergeev, Yuri},
  year = {2009},
  publisher = {Springer Science \& Business Media},
  googlebooks = {RKcoz2XW5zgC},
  isbn = {978-3-211-09447-1},
  keywords = {Science / Mechanics / Fluids,Technology & Engineering / Manufacturing,Technology & Engineering / Mechanical}
}

@article{bewley2008,
  title = {Characterization of Reconnecting Vortices in Superfluid Helium},
  author = {Bewley, Gregory P. and Paoletti, Matthew S. and Sreenivasan, Katepalli R. and Lathrop, Daniel P.},
  year = {2008},
  journal = {Proceedings of the National Academy of Sciences},
  volume = {105},
  number = {37},
  pages = {13707--13710},
  publisher = {Proceedings of the National Academy of Sciences}
}

@article{bradley2006,
  title = {Decay of {{Pure Quantum Turbulence}} in {{Superfluid}} {$^{3}$}{{He-B}}},
  author = {Bradley, D. I. and Clubb, D. O. and Fisher, S. N. and Gu{\'e}nault, A. M. and Haley, R. P. and Matthews, C. J. and Pickett, G. R. and Tsepelin, V. and Zaki, K.},
  year = {2006},
  journal = {Phys. Rev. Lett.},
  volume = {96},
  number = {3},
  pages = {035301},
  publisher = {American Physical Society}
}

@article{chapman2010,
  title = {Magnetic {{Reconnection Triggering Magnetohydrodynamic Instabilities}} during a {{Sawtooth Crash}} in a {{Tokamak Plasma}}},
  author = {Chapman, I. T. and Scannell, R. and Cooper, W. A. and Graves, J. P. and Hastie, R. J. and Naylor, G. and Zocco, A.},
  year = {2010},
  journal = {Phys. Rev. Lett.},
  volume = {105},
  number = {25},
  pages = {255002},
  publisher = {American Physical Society}
}

@article{dewaeleRouteVortexReconnection1994a,
  title = {Route to Vortex Reconnection},
  author = {{de Waele}, A. T. A. M. and Aarts, R. G. K. M.},
  year = {1994},
  journal = {Phys. Rev. Lett.},
  volume = {72},
  number = {4},
  pages = {482--485},
  publisher = {American Physical Society}
}

@article{galantucci2021,
  title = {Mesoscale Helicity Distinguishes {{Vinen}} from {{Kolmogorov}} Turbulence in Helium-{{II}}},
  author = {Galantucci, L and Barenghi, {\relax CF} and Parker, {\relax NG} and Baggaley, {\relax AW}},
  year = {2021},
  journal = {Phys. Rev. B},
  volume = {103},
  number = {14},
  pages = {144503},
  publisher = {APS}
}

@article{galantucciCoupledNormalFluid2015a,
  title = {Coupled Normal Fluid and Superfluid Profiles of Turbulent Helium {{II}} in Channels},
  author = {Galantucci, L and Sciacca, M and Barenghi, {\relax CF}},
  year = {2015},
  journal = {Phys Rev B},
  volume = {92},
  pages = {174530}
}

@article{galantucciCrossoverInteractionDriven2019a,
  title = {Crossover from Interaction to Driven Regimes in Quantum Vortex Reconnections},
  author = {Galantucci, L. and Baggaley, A. W. and Parker, N. G. and Barenghi, C. F.},
  year = {2019},
  journal = {Proc Natl Acad Sci USA},
  volume = {116},
  pages = {12204}
}

@article{galantucciFrictionenhancedLifetimeBundled2023,
  title = {Friction-Enhanced Lifetime of Bundled Quantum Vortices},
  author = {Galantucci, Luca and Krstulovic, Giorgio and Barenghi, Carlo F},
  year = {2023},
  journal = {Phys. Rev. Fluids},
  volume = {8},
  number = {1},
  pages = {014702},
  publisher = {APS}
}

@article{galantucciNewSelfconsistentApproach2020b,
  title = {A New Self-Consistent Approach of Quantum Turbulence in Superfluid Helium},
  author = {Galantucci, Luca and Baggaley, Andrew W. and Barenghi, Carlo F. and Krstulovic, Giorgio},
  year = {2020},
  journal = {Eur. Phys. J. Plus},
  volume = {135},
  number = {7},
  pages = {547}
}

@article{leadbeaterSoundEmissionDue2001b,
  title = {Sound {{Emission}} Due to {{Superfluid Vortex Reconnections}}},
  author = {Leadbeater, M. and Winiecki, T. and Samuels, D. C. and Barenghi, C. F. and Adams, C. S.},
  year = {2001},
  journal = {Phys. Rev. Lett.},
  volume = {86},
  number = {8},
  pages = {1410--1413},
  publisher = {American Physical Society}
}

@article{milliken1982,
  title = {Free {{Decay}} of {{Superfluid Turbulence}}},
  author = {Milliken, F. P. and Schwarz, K. W. and Smith, C. W.},
  year = {1982},
  journal = {Phys. Rev. Lett.},
  volume = {48},
  number = {17},
  pages = {1204--1207},
  publisher = {American Physical Society}
}

@article{nazarenko2003,
  title = {Analytical {{Solution}} for {{Nonlinear Schr{\"o}dinger Vortex Reconnection}}},
  author = {Nazarenko, Sergey and West, Robert},
  year = {2003},
  journal = {Journal of Low Temperature Physics},
  volume = {132},
  number = {1},
  pages = {1--10}
}

@article{paoletti2010,
  title = {Reconnection Dynamics for Quantized Vortices},
  author = {Paoletti, M. S. and Fisher, Michael E. and Lathrop, D. P.},
  year = {2010},
  journal = {Physica D: Nonlinear Phenomena},
  volume = {239},
  number = {14},
  pages = {1367--1377},
  keywords = {Flow visualization,Quantum turbulence,Reconnection,Turbulence}
}

@article{promentMatchingTheoryCharacterize2020,
  title = {Matching Theory to Characterize Sound Emission during Vortex Reconnection in Quantum Fluids},
  author = {Proment, Davide and Krstulovic, Giorgio},
  year = {2020},
  journal = {Phys. Rev. Fluids},
  volume = {5},
  number = {10},
  pages = {104701},
  publisher = {American Physical Society}
}

@article{ricaSelfsimilarVortexReconnection2019,
  title = {Self-Similar Vortex Reconnection},
  author = {Rica, Sergio},
  year = {2019},
  journal = {Comptes Rendus. M{\'e}canique},
  volume = {347},
  number = {4},
  pages = {365--375}
}

@article{roche2007,
  title = {Vortex Density Spectrum of Quantum Turbulence},
  author = {Roche, P.-E. and Diribarne, P. and Didelot, T. and Fran{\c c}ais, O. and Rousseau, L. and Willaime, H.},
  year = {2007},
  journal = {EPL},
  volume = {77},
  number = {6},
  pages = {66002}
}

@article{roche2008,
  title = {Vortex Spectrum in Superfluid Turbulence: {{Interpretation}} of a Recent Experiment},
  shorttitle = {Vortex Spectrum in Superfluid Turbulence},
  author = {Roche, P.-E. and Barenghi, C. F.},
  year = {2008},
  journal = {EPL},
  volume = {81},
  number = {3},
  pages = {36002}
}

@article{schwarz1981,
  title = {Pulsed-Ion Study of Ultrasonically Generated Turbulence in Superfluid {{4He}}},
  author = {Schwarz, K. W. and Smith, C. W.},
  year = {1981},
  journal = {Physics Letters A},
  volume = {82},
  number = {5},
  pages = {251--254}
}

@article{schwarz1988,
  title = {Three-Dimensional Vortex Dynamics in Superfluid {$^{4}$}{{He}}},
  author = {Schwarz, {\relax KW}},
  year = {1988},
  journal = {Phys. Rev. B},
  volume = {38},
  number = {4},
  pages = {2398}
}

@misc{SeeSupplementaryMaterials,
  title = {See {{Supplementary Materials}} At ....}
}

@article{stasiakCrossComponentEnergyTransfer2024,
  title = {Cross-{{Component Energy Transfer}} in {{Superfluid Helium-4}}},
  author = {Stasiak, Piotr Z. and Baggaley, Andrew W. and Krstulovic, Giorgio and Barenghi, Carlo F. and Galantucci, Luca},
  year = {2024},
  journal = {J. Low Temp. Phys.}
}

@article{villoisIrreversibleDynamicsVortex2020,
  title = {Irreversible {{Dynamics}} of {{Vortex Reconnections}} in {{Quantum Fluids}}},
  author = {Villois, Alberto and Proment, Davide and Krstulovic, Giorgio},
  year = {2020},
  journal = {Phys. Rev. Lett.},
  volume = {125},
  number = {16},
  pages = {164501},
  publisher = {American Physical Society}
}

@article{villoisUniversalNonuniversalAspects2017a,
  title = {Universal and Nonuniversal Aspects of Vortex Reconnections in Superfluids},
  author = {Villois, Alberto and Proment, Davide and Krstulovic, Giorgio},
  year = {2017},
  journal = {Phys. Rev. Fluids},
  volume = {2},
  number = {4},
  pages = {044701},
  publisher = {American Physical Society}
}

@article{yaoSeparationScalingViscous2020,
  title = {Separation Scaling for Viscous Vortex Reconnection},
  author = {Yao, Jie and Hussain, Fazle},
  year = {2020},
  journal = {J. Fluid Mech.},
  volume = {900},
  pages = {R4}
}

@article{zuccherQuantumVortexReconnections2012a,
  title = {Quantum Vortex Reconnections},
  author = {Zuccher, S. and Caliari, M. and Baggaley, A. W. and Barenghi, C. F.},
  year = {2012},
  journal = {Physics of Fluids},
  volume = {24},
  number = {12},
  pages = {125108}
}
