
@article{Babuin2014,
  title = {Effective viscosity in quantum turbulence: a steady state approach},
  author = {Babuin, S. and Varga, E. and Skrbek, L. and L\'ev\^eque, E. and Roche, P.-E.},
  year = {2014},
  journal = {Europhys. Lett.},
  volume = {106},
  number = {},
  pages = {24006},
  publisher = {}
}

@article{YaoHussainAnnRev2022,
  title = {Vortex reconnection and turbulence cascade},
  author = {Yao, J. and Hussain, F.},
  year = {2022},
  journal = {Ann. Rev. Fluid Mech.},
  volume = {54},
  number = {},
  pages = {317},
  publisher = {}
}

@book{BSS2023,
  title = {Quantum {{T}}urbulence},
  author = {Barenghi, C. F. and Skrbek, L. and Sreenivasan, K. R.},
  year = {2023},
  publisher = {Cambridge University Press},
  googlebooks = {},
  isbn = {9781009345651},
  keywords = {}
}

@article{SkrbekSchmoranzerSreeni2024,
  title = {Phenomenology of transition to quantum turbulence 
  in flows of superfluid helium},
  author = {Skrbek, L. and schmoranzer, D. and Sreenivasan, K. R.},
  year = {2024},
  journal = {Proc. Nat. Acad. Sci. USA},
  volume = {121},
  number = {},
  pages = {(12) e2302256121013601},
  publisher = {}
}




%%%%%%%%%%%%%%%%%%%%%%%%%%%%%%%
@article{allen2014,
  title = {Vortex Reconnections in Atomic Condensates at Finite Temperature},
  author = {Allen, A. J. and Zuccher, S. and Caliari, M. and Proukakis, N. P. and Parker, N. G. and Barenghi, C. F.},
  year = {2014},
  journal = {Phys. Rev. A},
  volume = {90},
  number = {1},
  pages = {013601},
  publisher = {American Physical Society}
}

@article{baggaleySensitivityVortexFilament2012a,
  title = {The Sensitivity of the Vortex Filament Method to Different Reconnection Models},
  author = {Baggaley, Andrew W},
  year = {2012},
  journal = {J. Low Temp. Phys.},
  volume = {168},
  number = {1-2},
  pages = {18},
  publisher = {Springer}
}

@article{barenghi2004,
  title = {Scaling laws of vortex reconnections},
  author = {Barenghi, Carlo F. and Samuels, David C.},
  year = {2004},
  journal = {J. Low Temp. Phys.},
  volume = {136},
  number = {5},
  pages = {281},
  keywords = {Idealise Model,Magnetic Material,Polarise Vortex,Vortex,Vortex Line}
}

@book{barenghi2009,
  title = {Vortices and {{Turbulence}} at {{Very Low Temperatures}}},
  author = {Barenghi, Carlo and Sergeev, Yuri},
  year = {2009},
  publisher = {Springer Science \& Business Media},
  googlebooks = {RKcoz2XW5zgC},
  isbn = {978-3-211-09447-1},
  keywords = {Science / Mechanics / Fluids,Technology & Engineering / Manufacturing,Technology & Engineering / Mechanical}
}

@article{bewley2008,
  title = {Characterization of reconnecting vortices in superfluid helium},
  author = {Bewley, G. P. and Paoletti, M. S. and Sreenivasan, K. R. and Lathrop, D. P.},
  year = {2008},
  journal = {Proc. Nat. Acad. Sci. USA},
  volume = {105},
  number = {37},
  pages = {13707},
  publisher = {Proceedings of the National Academy of Sciences}
}

@article{bradley2006,
  title = {Decay of pure quantum turbulence in superfluid $^3${{H}}e-{{B}}},
  author = {Bradley, D. I. and Clubb, D. O. and Fisher, S. N. and Gu{\'e}nault, A. M. and Haley, R. P. and Matthews, C. J. and Pickett, G. R. and Tsepelin, V. and Zaki, K.},
  year = {2006},
  journal = {Phys. Rev. Lett.},
  volume = {96},
  number = {3},
  pages = {035301},
  publisher = {American Physical Society}
}

@article{chapman2010,
  title = {Magnetic reconnection triggering magnetohydrodynamic 
instabilities during a sawtooth crash in a tokamak plasma},
  author = {Chapman, I. T. and Scannell, R. and Cooper, W. A. and Graves, J. P. and Hastie, R. J. and Naylor, G. and Zocco, A.},
  year = {2010},
  journal = {Phys. Rev. Lett.},
  volume = {105},
  number = {25},
  pages = {255002},
  publisher = {American Physical Society}
}

@article{dewaeleRouteVortexReconnection1994a,
  title = {Route to Vortex Reconnection},
  author = {{de Waele}, A. T. A. M. and Aarts, R. G. K. M.},
  year = {1994},
  journal = {Phys. Rev. Lett.},
  volume = {72},
  number = {4},
  pages = {482--485},
  publisher = {American Physical Society}
}

@article{galantucciCoupledNormalFluid2015a,
  title = {Coupled Normal Fluid and Superfluid Profiles of Turbulent Helium {{II}} in Channels},
  author = {Galantucci, L and Sciacca, M and Barenghi, {\relax CF}},
  year = {2015},
  journal = {Phys Rev B},
  volume = {92},
  pages = {174530}
}

@article{galantucciCrossoverInteractionDriven2019a,
  title = {Crossover from Interaction to Driven Regimes in Quantum Vortex Reconnections},
  author = {Galantucci, L. and Baggaley, A. W. and Parker, N. G. and Barenghi, C. F.},
  year = {2019},
  journal = {Proc. Nat. Acad. Sci. USA},
  volume = {116},
  pages = {12204}
}

@article{galantucciFrictionenhancedLifetimeBundled2023,
  title = {Friction-Enhanced Lifetime of Bundled Quantum Vortices},
  author = {Galantucci, Luca and Krstulovic, Giorgio and Barenghi, Carlo F},
  year = {2023},
  journal = {Phys. Rev. Fluids},
  volume = {8},
  number = {1},
  pages = {014702},
  publisher = {APS}
}

@article{galantucciMesoscaleHelicityDistinguishes2021b,
  title = {Mesoscale Helicity Distinguishes {{Vinen}} from {{Kolmogorov}} Turbulence in Helium-{{II}}},
  author = {Galantucci, L and Barenghi, {\relax CF} and Parker, {\relax NG} and Baggaley, {\relax AW}},
  year = {2021},
  journal = {Phys. Rev. B},
  volume = {103},
  number = {14},
  pages = {144503},
  publisher = {APS}
}

@article{galantucciNewSelfconsistentApproach2020b,
  title = {A New Self-Consistent Approach of Quantum Turbulence in Superfluid Helium},
  author = {Galantucci, Luca and Baggaley, Andrew W. and Barenghi, Carlo F. and Krstulovic, Giorgio},
  year = {2020},
  journal = {Eur. Phys. J. Plus},
  volume = {135},
  number = {7},
  pages = {547}
}

@article{leadbeaterSoundEmissionDue2001b,
  title = {Sound emission due to superfluid vortex reconnections},
  author = {Leadbeater, M. and Winiecki, T. and Samuels, D. C. and Barenghi, C. F. and Adams, C. S.},
  year = {2001},
  journal = {Phys. Rev. Lett.},
  volume = {86},
  number = {8},
  pages = {1410--1413},
  publisher = {American Physical Society}
}

@article{milliken1982,
  title = {Free {{Decay}} of {{Superfluid Turbulence}}},
  author = {Milliken, F. P. and Schwarz, K. W. and Smith, C. W.},
  year = {1982},
  journal = {Phys. Rev. Lett.},
  volume = {48},
  number = {17},
  pages = {1204--1207},
  publisher = {American Physical Society}
}

@article{nazarenko2003,
  title = {Analytical solution for nonlinear {Schr{\"o}dinger} vortex reconnection},
  author = {Nazarenko, Sergey and West, Robert},
  year = {2003},
  journal = {J. Low Temp. Phys.},
  volume = {132},
  number = {1},
  pages = {1}
}

@article{paoletti2010,
  title = {Reconnection dynamics for quantized vortices},
  author = {Paoletti, M. S. and Fisher, Michael E. and Lathrop, D. P.},
  year = {2010},
  journal = {Physica D},
  volume = {239},
  number = {14},
  pages = {1367--1377},
  keywords = {Flow visualization,Quantum turbulence,Reconnection,Turbulence}
}

@article{promentMatchingTheoryCharacterize2020,
  title = {Matching theory to characterize sound smission during vortex reconnection in quantum fluids},
  author = {Proment, D. and Krstulovic, G.},
  year = {2020},
  journal = {Phys. Rev. Fluids},
  volume = {5},
  number = {10},
  pages = {104701},
  publisher = {American Physical Society}
}

@article{ricaSelfsimilarVortexReconnection2019,
  title = {Self-Similar Vortex Reconnection},
  author = {Rica, Sergio},
  year = {2019},
  journal = {Comptes Rendus. M{\'e}canique},
  volume = {347},
  number = {4},
  pages = {365--375}
}

@article{roche2007,
  title = {Vortex Density Spectrum of Quantum Turbulence},
  author = {Roche, P.-E. and Diribarne, P. and Didelot, T. and Fran{\c c}ais, O. and Rousseau, L. and Willaime, H.},
  year = {2007},
  journal = {EPL},
  volume = {77},
  number = {6},
  pages = {66002}
}

@article{roche2008,
  title = {Vortex Spectrum in Superfluid Turbulence: {{Interpretation}} of a Recent Experiment},
  shorttitle = {Vortex Spectrum in Superfluid Turbulence},
  author = {Roche, P.-E. and Barenghi, C. F.},
  year = {2008},
  journal = {EPL},
  volume = {81},
  number = {3},
  pages = {36002}
}

@article{schwarz1981,
  title = {Pulsed-Ion Study of Ultrasonically Generated Turbulence in Superfluid {{4He}}},
  author = {Schwarz, K. W. and Smith, C. W.},
  year = {1981},
  journal = {Physics Letters A},
  volume = {82},
  number = {5},
  pages = {251--254}
}

@article{schwarz1988,
  title = {Three-Dimensional Vortex Dynamics in Superfluid {$^{4}$}{{He}}},
  author = {Schwarz, {\relax KW}},
  year = {1988},
  journal = {Phys. Rev. B},
  volume = {38},
  number = {4},
  pages = {2398}
}

@misc{SeeSupplementaryMaterials,
  title = {See {{Supplementary Material}}}
}

@article{stasiakCrossComponentEnergyTransfer2024,
  title = {Cross-component energy transfer in superfluid helium-4},
  author = {Stasiak, P. Z. and Baggaley, A. W. and Krstulovic, G. and Barenghi, C. F. and Galantucci, L.},
  year = {2024},
  journal = {J. Low Temp. Phys.}
}

@article{villoisIrreversibleDynamicsVortex2020,
  title = {Irreversible dynamics of vortex reconnections in quantum fluids},
  author = {Villois, A. and Proment, D. and Krstulovic, G.},
  year = {2020},
  journal = {Phys. Rev. Lett.},
  volume = {125},
  number = {16},
  pages = {164501},
  publisher = {American Physical Society}
}

@article{villoisUniversalNonuniversalAspects2017a,
  title = {Universal and nonuniversal aspects of vortex reconnections in superfluids},
  author = {Villois, A. and Proment, D. and Krstulovic, G.},
  year = {2017},
  journal = {Phys. Rev. Fluids},
  volume = {2},
  number = {4},
  pages = {044701},
  publisher = {American Physical Society}
}

@article{yaoSeparationScalingViscous2020,
  title = {Separation scaling for viscous vortex reconnection},
  author = {Yao, J. and Hussain, F.},
  year = {2020},
  journal = {J. Fluid Mech.},
  volume = {900},
  pages = {R4}
}

@article{zuccherQuantumVortexReconnections2012a,
  title = {Quantum vortex reconnections},
  author = {Zuccher, S. and Caliari, M. and Baggaley, A. W. and Barenghi, C. F.},
  year = {2012},
  journal = {Phys. Fluids},
  volume = {24},
  number = {12},
  pages = {125108}
}

@Article{kivotides-barenghi-samuels-2000,
  Title                    = {Triple vortex ring structure in superfluid helium II},
  Author                   = {Kivotides, D and Barenghi, C F and Samuels, D C},
  Journal                  = {Science},
  Year                     = {2000},
  Pages                    = {777},
  Volume                   = {290},

  Owner                    = {luca},
  Timestamp                = {2013.04.10}
}


@Article{boue-etal-2013,
  Title                    = {Analytic Solution of the Approach of Quantum Vortices Towards Reconnection},
  Author                   = {Bou\'{e}, L and Khomenko, D. and L'vov, V and Procaccia, I},
  Journal                  = {Phys. Rev. Lett.},
  Year                     = {2013},
  Pages                    = {145302},
  Volume                   = {111},

  Owner                    = {luca},
  Timestamp                = {2013.04.10}
}


@Article{rica-2019,
  Title                    = {Self-similar vortex reconnection },
  Author                   = {Rica S},
  Journal                  = {C. R. M\'{e}c},
  Year                     = {2019},
  Pages                    = {365},
  Volume                   = {347},

  Owner                    = {luca},
  Timestamp                = {2013.04.10}
}


@Article{galantucci-krstulovic-etal-2023,
  Title                    = {Friction-enhanced lifetime of bundled quantum vortices},
  Author                   = {Galantucci, L and Krstulovic, G and Barenghi, CF },
  Journal                  = {Phys. Rev. Fluids},
  Volume		   = {8},
  Pages                    = {014702},
  Year 			   = {2023},  
  Owner                    = {luca},
  Timestamp                = {2016.11.17}
}
